@article{Huang2005Dynamic,
  title={Dynamic Modeling of Urban Transportation Networks and Analysis of Its Travel Behaviors},
  author={Huang, Hai Jun},
  journal={Chinese Journal of Management},
  year={2005},
}

@article{Jian2012Synthesis,
  title={Synthesis of Short-Term Traffic Flow Forecasting Research Progress},
  author={Jian, Yuan and Fan, Bingquan},
  journal={Urban Transport of China},
  year={2012},
}

@article{Jing2004A,
  title={A Summary of Traffic Flow Forecasting Methods},
  author={Jing, Liu and Wei, Guan},
  journal={Journal of Highway and Transportation Research \& Development},
  year={2004},
}

@article{Gaoa2018Measuring,
  title={Measuring road network topology vulnerability by ricci curvature},
  author={Gao, Lei and Liu, Xingquan and Liu, Yu and Wang, Pu and Deng, Min and Zhu, Qing and Li, Haifeng},
  journal={Physica A: Statistical Mechanics and its Applications},
  volume={527},
  pages={121071},
  year={2019},
  publisher={Elsevier}
}

@article{yu2020forecasting,
  title={Forecasting road traffic speeds by considering area-wide spatio-temporal dependencies based on a graph convolutional neural network (GCN)},
  author={Yu, Byeonghyeop and Lee, Yongjin and Sohn, Keemin},
  journal={Transportation Research Part C: Emerging Technologies},
  volume={114},
  pages={189--204},
  year={2020},
  publisher={Elsevier}
}

@article{zhao2019t,
  title={T-gcn: A temporal graph convolutional network for traffic prediction},
  author={Zhao, Ling and Song, Yujiao and Zhang, Chao and Liu, Yu and Wang, Pu and Lin, Tao and Deng, Min and Li, Haifeng},
  journal={IEEE Transactions on Intelligent Transportation Systems},
  year={2019},
  publisher={IEEE}
}

@article{Dong2012Spatial,
  title={Spatial and Temporal Characteristics for Congested Traffic on Urban Expressway},
  author={Dong, Chun Jiao and Shao, Chun Fu and Cheng-Xiang, Zhuge and Meng, Meng},
  journal={Journal of Beijing University of Technology},
  volume={38},
  number={8},
  pages={1242-1246+1268},
  year={2012},
}

@book{Ahmed1979ANALYSIS,
  title={ANALYSIS OF FREEWAY TRAFFIC TIME-SERIES DATA BY USING BOX-JENKINS TECHNIQUES},
  author={Ahmed, Mohamed S. and Cook, Allen R.},
  year={1979},
}

@article{Hodge2014Short,
  title={Short-term prediction of traffic flow using a binary neural network},
  author={Hodge, Victoria J. and Krishnan, Rajesh and Austin, Jim and Polak, John and Jackson, Tom},
  journal={Neural Computing and Applications},
  volume={25},
  number={7-8},
  pages={1639-1655},
  year={2014},
}

@inproceedings{vaswani2017attention,
  title={Attention is all you need},
  author={Vaswani, Ashish and Shazeer, Noam and Parmar, Niki and Uszkoreit, Jakob and Jones, Llion and Gomez, Aidan N and Kaiser, {\L}ukasz and Polosukhin, Illia},
  booktitle={Advances in neural information processing systems},
  pages={5998--6008},
  year={2017}
}

@inproceedings{Sun2004Interval,
  title={Interval prediction for traffic time series using local linear predictor},
  author={Sun, Hongyu and Zhang, Chunming and Ran, Bin},
  booktitle={International IEEE Conference on Intelligent Transportation Systems},
  year={2004},
}

@article{Okutani1984Dynamic,
  title={Dynamic prediction of traffic volume through Kalman filtering theory},
  author={Okutani, Iwao and Stephanedes, Yorgos J.},
  journal={Transportation Research Part B Methodological},
  volume={18},
  number={1},
  pages={1-11},
  year={1984},
}

@article{Altman1992An,
  title={An Introduction to Kernel and Nearest-Neighbor Nonparametric Regression},
  author={Altman, N. S.},
  journal={American Statistician},
  volume={46},
  number={3},
  pages={175-185},
  year={1992},
}

@article{article,
    author = {Wu, Chun-Hsin and Ho, Jan-Ming and Lee, D.},
year = {2005},
month = {01},
pages = {276 - 281},
title = {Travel-Time Prediction With Support Vector Regression},
volume = {5},
journal = {Intelligent Transportation Systems, IEEE Transactions on},
doi = {10.1109/TITS.2004.837813}
}

@article{Fu2013Short,
  title={Short-Term Traffic Flow Forecasting Model Based on Support Vector Machine Regression},
  author={Fu, Gui and Han, GuoQiang and Lu, Feng and Xu, ZiXin},
  journal={Journal of South China University of Technology},
  volume={41},
  number={9},
  pages={71-76},
  year={2013},
}

@article{Yin2002Urban,
  title={Urban traffic flow prediction using a fuzzy-neural approach},
  author={Yin, Hongbin and Wong, S. C. and Xu, Jianmin and Wong, C. K.},
  journal={Transportation Research Part C},
  volume={10},
  number={2},
  pages={85-98},
  year={2002},
}

@article{Sun2006A,
  title={A bayesian network approach to traffic flow forecasting},
  author={Sun, Shiliang and Zhang, Changshui and Yu, Guoqiang},
  journal={IEEE Transactions on Intelligent Transportation Systems},
  volume={7},
  number={1},
  pages={124-132},
  year={2006},
}

@article{Silver2017Mastering,
  title={Mastering the game of Go without human knowledge},
  author={Silver, D and Schrittwieser, J and Simonyan, K and Antonoglou, I and Huang, A. and Guez, A and Hubert, T and Baker, L and Lai, M. and Bolton, A},
  journal={Nature},
  volume={550},
  number={7676},
  pages={354-359},
  year={2017},
}

@article{Morav2017DeepStack,
  title={DeepStack: Expert-level artificial intelligence in heads-up no-limit poker},
  author={Morav?ík, M and Schmid, M and Burch, N and Lisy, V and Morrill, D and Bard, N and Davis, T and Waugh, K and Johanson, M and Bowling, M},
  journal={Science},
  volume={356},
  number={6337},
  pages={eaam6960},
  year={2017},
}

@article{Graves1997Long,
  title={Long Short-Term Memory},
  author={Graves, Alex},
  journal={Neural Computation},
  volume={9},
  number={8},
  pages={1735-1780},
  year={1997},
}

@article{Cho2014On,
  title={On the Properties of Neural Machine Translation: Encoder-Decoder Approaches},
  author={Cho, Kyunghyun and Merrienboer, Bart Van and Bahdanau, Dzmitry and Bengio, Yoshua},
  journal={Computer Science},
  year={2014},
}

@inproceedings{Rui2016Using,
  title={Using LSTM and GRU neural network methods for traffic flow prediction},
  author={Rui, Fu and Zuo, Zhang and Li, Li},
  booktitle={Youth Academic Conference of Chinese Association of Automation},
  year={2016},
}

@article{Lint2002Freeway,
  title={Freeway Travel Time Prediction with State-Space Neural Networks: Modeling State-Space Dynamics with Recurrent Neural Networks},
  author={Lint, J. W. C. Van and Hooqendoorn, S. P. and Zuvlen, H. J. Van},
  journal={Transportation Research Record Journal of the Transportation Research Board},
  volume={1811},
  number={1},
  pages={347–369},
  year={2002},
}

@article{Wu2016Short,
  title={Short-term traffic flow forecasting with spatial-temporal correlation in a hybrid deep learning framework},
  author={Wu, Yuankai and Tan, Huachun},
  year={2016},
}

@article{Cao2017Interactive,
  title={Interactive Temporal Recurrent Convolution Network for Traffic Prediction in Data Centers},
  author={Cao, Xiaofeng and Zhong, Yuhua and Yun, Zhou and Jiang, Wang and Zhang, Weiming},
  journal={IEEE Access},
  volume={PP},
  number={99},
  pages={1-1},
  year={2017},
}

@article{Yu2017Spatiotemporal,
  title={Spatiotemporal Recurrent Convolutional Networks for Traffic Prediction in Transportation Networks},
  author={Yu, H. and Wu, Z. and Wang, S. and Wang, Y. and Ma, X.},
  journal={Sensors},
  volume={17},
  number={7},
  pages={1501-},
  year={2017},
}

@misc{defferrard2016convolutional,
    title={Convolutional Neural Networks on Graphs with Fast Localized Spectral Filtering},
    author={Michal Defferrard and Xavier Bresson and Pierre Vandergheynst},
    year={2016},
    eprint={1606.09375},
    archivePrefix={arXiv},
    primaryClass={cs.LG}
}

@misc{kipf2016semisupervised,
    title={Semi-Supervised Classification with Graph Convolutional Networks},
    author={Thomas N. Kipf and Max Welling},
    year={2016},
    eprint={1609.02907},
    archivePrefix={arXiv},
    primaryClass={cs.LG}
}

@article{DBLP:journals/corr/LiYSL17,
  author    = {Yaguang Li and
               Rose Yu and
               Cyrus Shahabi and
               Yan Liu},
  title     = {Graph Convolutional Recurrent Neural Network: Data-Driven Traffic
               Forecasting},
  journal   = {CoRR},
  volume    = {abs/1707.01926},
  year      = {2017},
  url       = {http://arxiv.org/abs/1707.01926},
  archivePrefix = {arXiv},
  eprint    = {1707.01926},
  timestamp = {Tue, 21 Aug 2018 06:38:24 +0200},
  biburl    = {https://dblp.org/rec/bib/journals/corr/LiYSL17},
  bibsource = {dblp computer science bibliography, https://dblp.org}
}

@misc{xu2015attend,
    title={Show, Attend and Tell: Neural Image Caption Generation with Visual Attention},
    author={Kelvin Xu and Jimmy Ba and Ryan Kiros and Kyunghyun Cho and Aaron Courville and Ruslan Salakhutdinov and Richard Zemel and Yoshua Bengio},
    year={2015},
    eprint={1502.03044},
    archivePrefix={arXiv},
    primaryClass={cs.LG}
}

@article{Bruna2013Spectral,
  title={Spectral Networks and Locally Connected Networks on Graphs},
  author={Bruna, Joan and Zaremba, Wojciech and Szlam, Arthur and Lecun, Yann},
  year={2013},
}

@article{Bengio2002Learning,
  title={Learning long-term dependencies with gradient descent is difficult},
  author={Bengio, Y. ,. and Simard, P. ,. and Frasconi, P. ,.},
  journal={IEEE Trans Neural Netw},
  volume={5},
  number={2},
  pages={157-166},
  year={2002},
}

@misc{chung2014empirical,
    title={Empirical Evaluation of Gated Recurrent Neural Networks on Sequence Modeling},
    author={Junyoung Chung and Caglar Gulcehre and KyungHyun Cho and Yoshua Bengio},
    year={2014},
    eprint={1412.3555},
    archivePrefix={arXiv},
    primaryClass={cs.NE}
}

@misc{bahdanau2014neural,
    title={Neural Machine Translation by Jointly Learning to Align and Translate},
    author={Dzmitry Bahdanau and Kyunghyun Cho and Yoshua Bengio},
    year={2014},
    eprint={1409.0473},
    archivePrefix={arXiv},
    primaryClass={cs.CL}
}

@misc{xiao2017attentional,
    title={Attentional Factorization Machines: Learning the Weight of Feature Interactions via Attention Networks},
    author={Jun Xiao and Hao Ye and Xiangnan He and Hanwang Zhang and Fei Wu and Tat-Seng Chua},
    year={2017},
    eprint={1708.04617},
    archivePrefix={arXiv},
    primaryClass={cs.LG}
}

@article{Pappas2017Multilingual,
    title={Multilingual Hierarchical Attention Networks for Document Classification},
    author={Pappas, Nikolaos and Popescu-Belis, Andrei},
    year={2017},
}

@article{Luong2015Effective,
    title={Effective Approaches to Attention-based Neural Machine Translation},
    author={Luong, Minh Thang and Pham, Hieu and Manning, Christopher D.},
    journal={Computer Science},
    year={2015},
}

@article{DBLP:journals/corr/LinLZGZD17,
  author    = {Xin Lin and
               Haifeng Li and
               Yan Zhang and
               Lei Gao and
               Ling Zhao and
               Min Deng},
  title     = {A Probabilistic Embedding Clustering Method for Urban Structure Detection},
  journal   = {CoRR},
  volume    = {abs/1707.03608},
  year      = {2017},
  url       = {http://arxiv.org/abs/1707.03608},
  archivePrefix = {arXiv},
  eprint    = {1707.03608},
  timestamp = {Mon, 13 Aug 2018 16:46:36 +0200},
  biburl    = {https://dblp.org/rec/bib/journals/corr/LinLZGZD17},
  bibsource = {dblp computer science bibliography, https://dblp.org}
}